@book{locks_dams,
	Author = {McCartney, Bruce L},
	Title = {Inland navigation : locks, dams, and channels},
	Year = {1998},
    Publisher =  {American Society of Civil Enginners},
	isbn = {0-7844-0320-1,09780784403204},
}

@book{Groover,
    Author = {Groover, Mikell P},
	Title = {Automation, production systems, and Computer-Integrated Manufacturing},
	Year = {2018},
    Publisher =  {Pearson},
	isbn = {978-93-325-7249-2},
}

@book{Ogata,
   title =     {Engenharia de Controle Moderno},
   author =    {Katsuhiko Ogata},
   publisher = {Pearson / Prentice Hall},
   year =      {2010},
   Pages =      {92-96},
   edition =   {5. ed.},
   volume =    {},
}

@article{Eninfra,
	Author = {I. C. SANTOS,  G. M. NUNES, AYUB A., LUZ D. W. B.},
	Title = {Um panorama da criação e implementação do Programa Nacional de Recuperação, Operação, Manutenção e Gerenciamento de Eclusas  (PROECLUSAS), no Brasil},
	Year = {2023},
	Pages = {187-208},
	journal = {Revista da Escola Nacional de Infraestrutura em Transportes ENINFRA},
	Publisher =  {Departamento Nacional de Infraestrutura em Transportes},
}

@article{sigma_delta,
    author = {José A. A. Andrade, Gilvandson C. Cavalcante, Guilherme M. Silva, Sandro A. P. Haddad, Fábio G. Costa} ,
    title = {Sigma-Delta Modulator for high resolution A/D converters},
    address = {University of Brasília: Gama College – Gama-DF, Brazil }, 
}

@book{chapman,
  title={Fundamentos de Máquinas Elétricas},
  author={Chapman, Stephen J.},
  year={2013},
  publisher={McGraw-Hill & AMGH}
}

@book{hashid,
    Author = {Hashid, Muhammad H.},
	Title = {Eletrônica de Potência: Dispositivos, Circuitos e Aplicações},
	Year = {2014},
    Publisher =  {Pearson},
	isbn = {978-85-430-0059-2},
}


 @article{SBA,  
    title={Um controlador de corrente de carga para o conversor em matriz trifásico para trifásico e para o inversor de frequência sem capacitor do elo de corrente contínua},  
    volume={21},  
    ISSN={0103-1759},  
    url={https://doi.org/10.1590/S0103-17592010000500007},  
    DOI={10.1590/S0103-17592010000500007},  
    number={5},  
    journal={Sba: Controle & Automação Sociedade Brasileira de Automatica},  
    publisher={Sociedade Brasileira de Automática},  
    author={Oliveira Filho, M. E. and Sguarezi Filho, A. J. and Gazoli, J. R. and Ruppert Filho, E.},  
    year={2010},  
    month={Sep},  
    pages={534–545} 
}

@misc{modbus2006,
  author       = "{ModBus Organization}",
  title        = "{ModBus Application Protocol Specification V1.1b3}",
  year         = 2006,
  note         = "Recuperado de \url{https://www.modbus.org/specs.php}"
}

@ARTICLE{ieee_adc,
  author={},
  journal={IEEE Std 1241-2023 (Revision of IEEE Std 1241-2010)}, 
  title={IEEE Standard for Terminology and Test Methods for Analog-to-Digital Converters}, 
  year={2023},
  volume={},
  number={},
  pages={1-143},
  keywords={IEEE Standards;AC-DC power converters;Histograms;Noise measurement;Error analysis;ADC;analog-to-digital converter;code transition level;coherent sampling;DNL;ENOB;histogram;IEEE 1241™;INL;LSB;missing codes;noise power ratio;noncoherent sampling;quantization error;quantization noise;SAR;SFDR;sine fitting},
  doi={10.1109/IEEESTD.2023.10269815}}

@manual{Gulton,
	Address = {São Paulo},
	Org-Short = {Gulton},
	Organization = {Gulton instrumentos de Medição e Automação Industria e Comércio LTDA},
	Title = {Datasheet do Sensor de Transmissão de Pressão GTP1000},
    Url = {https://gulton.com.br/produtos/transmissor-de-pressao-gtp1000ht/},
}

@inproceedings{soviero1997,
	Author = {P. A. O. Soviero and L. G. M. Lavagna},
	Title = {A Numerical Model for Thin Airfoils in Unsteady Motion},
	Year = {1997},
	Pages = {332-340},
	Volume = {19},
	Number = {3},
	Booktitle = {Journal of the Brazilian Societyt Mechanical Sciences},	
}

@inproceedings{sparrow1980,
	Author = {E. M. Sparrow},
	Title = {Forced Convection Heat Transfer in a Duct Having Spanwise-Periodic
	Rectangular Protuberances},
	Year = {1980},
	Pages = {149-167},
	Volume = {3},
	Booktitle = {Numerical Heat Transfer},
}

@manual{atmega328p_datasheet,
  title        = {ATmega328P Datasheet},
  author       = {Technology Inc. Microchip},
  year         = {2018},
  month        = {12},
  edition      = {Complete},
  url          = {https://ww1.microchip.com/downloads/en/DeviceDoc/ATmega328P-Complete-Datasheet-DS40002061A.pdf},
  institution  = {Microchip Technology Inc.},
  address      = {Chandler, AZ, USA}
}

@manual{scadabr_manual,
  title        = {Manual do SCADA BR},
  author       = {SCADABR},
  year         = {2020},
  url          = {https://www.scadabr.com.br/manuais/Manual_SCADABR.pdf},
  note         = {Accessed: 2024-07-30},
  institution  = {SCADA BR},
  address      = {Brasil}
}

@manual{esp32_manual,
  title        = {ESP32 Technical Reference Manual},
  author       = {{Espressif Systems}},
  year         = {2023},
  month        = {June},
  url          = {https://www.espressif.com/sites/default/files/documentation/esp32_technical_reference_manual_en.pdf},
  institution  = {Espressif Systems (Shanghai) Co., Ltd.},
  address      = {Shanghai, China, no Zhangjiang Hi-tech Park}  
}

@misc{IRF1404_datasheet,
  title        = {{IRF1404} Power {MOSFET} Datasheet},
  author       = {International Rectifier},
  year         = {2015},
  note         = {\url{https://www.infineon.com/dgdl/irf1404.pdf}},
  howpublished = {\url{https://www.infineon.com/dgdl/irf1404.pdf}},
  institution  = {Infineon Technologies},
}

@misc{IRLZ44N_datasheet,
  title        = {{IRLZ44N} Power {MOSFET} Datasheet},
  author       = {International Rectifier},
  year         = {2015},
  note         = {\url{https://www.infineon.com/dgdl/irlz44n.pdf}},
  howpublished = {\url{https://www.infineon.com/dgdl/irlz44n.pdf}},
  institution  = {Infineon Technologies},
}

@article{arruda2007,
	Author = {M. B. B. Arruda},
	Title = {Como fazer referências: bibliográficas, eletrônicas e demais
	formas de documentos},
	Year = {2007},
	Url = {http://bu.ufsc.br/framerefer.html}
}

@article{coimbra1978,
	Author = {A. L. Coimbra},
	Title = {Lessons of Continuum Mechanics},
	Year = {1978},
	Address = {São Paulo, Brazil},
	Pages = {428},
	Editor = {Edgard Blücher},
}

@inproceedings{bordalo1989,
	Author = {S. N. Bordalo and J. H. Ferziger and S. J. Kline},
	Title = {The Development of Zonal Models for Turbulence},
	Year = {1989},
	Pages = {41-44},
	Booktitle = {Proceedings of the 10th Brazilian Congress of Mechanical
	Engineering}, 
	Volume = {1},	
}

@manual{NBR14724:2011,
	Address = {Rio de Janeiro},
	Date-Added = {2012-12-15 20:34:08 +0000},
	Date-Modified = {2012-12-15 20:35:25 +0000},
	Month = mar,
	Org-Short = {ABNT},
	Organization = {Associa{\c c}\~ao Brasileira de Normas T\'ecnicas},
	Pages = 15,
	Subtitle = {Informa{\c c}\~ao e documenta{\c c}\~ao --- trabalhos acad\^emicos --- apresenta{\c c}\~ao},
	Title = {{NBR} 14724},
	Year = 2011
}

@manual{NBR6034:2000,
	Address = {Rio de Janeiro},
	Org-Short = {ABNT},
	Organization = {Associa{\c c}\~ao Brasileira de Normas T\'ecnicas},
	Subtitle = {Informa{\c c}\~ao e documenta{\c c}\~ao --- Referências},
	Title = {{NBR} 14724},
	Year = 2000
}

